% This file was created with Citavi 5.5.0.1

@misc{Hulbert.2013,
 author = {Hulbert, Christopher C.},
 year = {2013},
 title = {matio}
}


@misc{Kessler.Sommersemester2017,
 author = {Kessler, Manuel},
 year = {Sommersemester 2017},
 title = {{Effizient Programmieren I}},
 address = {Stuttgart},
 institutions = {{Universit{\"a}t Stuttgart}}
}


@misc{Kessler.Wintersemester201718,
 author = {Kessler, Manuel},
 year = {Wintersemester 2017/18},
 title = {{Effizient Programmieren II}},
 address = {Stuttgart},
 institutions = {{Universit{\"a}t Stuttgart}}
}


@misc{Microsoft.2018,
 author = {Microsoft},
 editor = {Microsoft},
 year = {2018},
 title = {{Grundlagen zum Komponentest}},
 url = {\url{https://msdn.microsoft.com/de-de/library/hh694602.aspx#BKMK_Writing_your_tests}},
 urldate = {2018-06-03}
}


@phdthesis{Olucak.15.02.2017,
 author = {Olucak, Jan},
 year = {2017-02-15},
 title = {{Modellierung und Implementierung eines Starfl{\"u}glermodells zur Untersuchung von Au{\ss}enlasten}},
 address = {Ingolstadt},
 school = {{Technische Hochschule}},
 type = {{Bachelorarbeit}}
}


@misc{TuxFamily.2018,
 author = {TuxFamily},
 year = {2018},
 title = {eigen},
 url = {\url{http://eigen.tuxfamily.org/index.php?title=Main_Page#Contributing_to_Eigen}},
 urldate = {2018-06-03},
 publisher = {TuxFamily}
}


@book{Wolf.2014,
 abstract = {Dieses Buch gilt als Standardhandbuch f{\"u}r C++. Die 3. Auflage (fr{\"u}here hier nicht besprochen) ist bedingt durch die zahlreichen neuen Features der jetzt aktuellen ISO-Standardisierung 2011 (C++ 11) und gr{\"u}ndlich {\"u}berarbeitet worden. Angesprochen werden Einsteiger mit Vorkenntnissen. Das Buch ist eine Alternative zu dem k{\"u}rzlich besprochenen Werk von U. Breymann (in dieser Nr.), das sich ebenfalls an diesen Leserkreis wendet, aber mit seinem {\dq}Rezeptcharakter{\dq} wesentlich st{\"a}rker auf Beispiele und {\"U}bungsaufgaben mit L{\"o}sungen setzt. Leser mit guten Vorkenntnissen sollten auf T. Will (ID-A 16/12) hingewiesen werden. Der Autor f{\"a}ngt hier praktisch bei Null mit Basisdatentypen, Kontrollstrukturen und Hinweisen zur Einrichtung einer Entwicklungsumgebung an, kommt dann aber schnell zu spezielleren Themen wie Template-Programmierung, Standardcontainerklassen und der GUI-Programmierung mit Qt. Gut ber{\"u}cksichtigt werden auch C++ 11-spezifische Themen wie z.B. Multithreading und regul{\"a}re Ausdr{\"u}cke. Didaktisch gut aufgebaut; Listings der Beispiele auf Begleit-CD. Auch zum Selbststudium geeignet. (2) (Klaus Barckow)



Standardhandbuch zur Sprache C++ mit ausf{\"u}hrlicher Ber{\"u}cksichtigung der neuen Features der aktuellen ISO-Standardisierung 2011. Auch zum Selbststudium gut geeignet. (Klaus Barckow)},
 author = {Wolf, J{\"u}rgen},
 year = {2014},
 title = {{C++: Das umfassende Handbuch ; [das Lehr- und Nachschlagewerk zu C++ ; inkl. der neuerungen von C++11 ; Sprachgrundlagen, OOP, Multithreading u.v.m ; CD-ROM: Quellcode der Beispiele und Entwicklunsumgebungen]}},
 address = {Bonn},
 edition = {3., aktualisierte Aufl.},
 volume = {2021},
 publisher = {{Galileo Press}},
 series = {{Galileo Computing}}
}


